% Bibliografía

% Este fichero contiene la bibliografía de la memoria
% Está en un formato que se conoce como BibTex.
% Hay muchos sitios web que exportan referencias en formato BibTeX. 
% Prueba a buscar en http://scholar.google.com por referencias
% y verás que lo puedes hacer de manera sencilla.
% Más información: 
% http://texblog.org/2014/04/22/using-google-scholar-to-download-bibtex-citations/

% Existen varias posibilidades para referenciar diferentes tipos de documentos,
% ya que los datos necesarios varían. Así, existen formatos de entrada para
%     * libros (book)
%     * artículos en revistas de investigación (article)
%     * capítulos de libro (incollection)
%     * informes técnicos (techreport)
%     * otros (misc)
%
% Las páginas web deberían ir como misc.

% Una última cosa: no referencias nunca la WikiPedia
% La WikiPedia, como buena enciclopedia, no es fuente primaria.
% Si acaso, busca por citas en la WikiPedia (que sí ha de referenciar fuentes
% primarias) y haz referencia a las mismas.

@Misc{Pagina_de_Datos,
  title =    {Cantidad de datos},
  note =	 {\\ https://es.statista.com/grafico/26031/volumen-estimado-de-datos-digitales-creados-o-replicados-en-todo-el-mundo/}
}

@article{rouhiainen2018inteligencia,
  title={Inteligencia artificial},
  author={Rouhiainen, Lasse},
  journal={Madrid: Alienta Editorial},
  year={2018}
}

@Misc{Pagina_de_LearningML,
  title =    {Página de Angular},
  note =	 {\\ https://web.learningml.org}
}

@Misc{Pagina_de_angular,
  title =    {Página de Angular},
  note =	 {\\ https://angular.io}
}

@Misc{Curso_de_angular,
  title =    {Curso de Angular},
  note =	 {\\ https://youtu.be/fXpMiweCC\_o}
}

@Misc{Pagina_de_angular_CLI,
  title =    {Página de Angular CLI},
  note =	 {\\ https://cli.angular.io}
}

@Misc{Pagina_MVC,
  title =    {Características MVC},
  note =	 {\\ https://seopromarketing.online/que-es-mvc-ventajas}
}

@book{gauchat2012gran,
  title={El gran libro de HTML5, CSS3 y Javascript},
  author={Gauchat, Juan Diego},
  year={2012},
  publisher={Marcombo}
}

@Misc{Historia_HTML5,
  title =    {Pagina sobre HTML},
  note =	 {\\ https://html.spec.whatwg.org/multipage}
}

@Misc{Pagina_HTML,
  title =    {Pagina sobre HTML},
  note =	 {\\ https://www.w3schools.com/html/html\_intro.asp}
}

@Misc{Pagina_de_typescript,
  title =    {Pagina de Typescript},
  note =	 {\\ https://www.typescriptlang.org}
}

@Misc{Pagina_de_Node,
  title =    {Pagina de Node.js},
  note =	 {\\ https://nodejs.org/es}
}

@Misc{Pagina_de_TensorFlow,
  title =    {Pagina de TensorFlow},
  note =	 {\\ https://www.tensorflow.org}
}

@Misc{Pagina_de_JSON,
  title =    {Pagina de JSON},
  note =	 {\\ http://www.json.org/json-es.html}
}

